%% Journal article
%%============================================================================%%
%% while using chicago reference style, both abbreviated and expanded form of %%
%% author name format is acceptable. Refer below example for expanded form    %%
%%============================================================================%%

%%  author		= "{Cameron, Deborah}", - single author
%%  author		= "{Saito, Yukio} and {Hyuga, Hiroyuki}", - double author 

%%======================================%%
%% Example for author names with suffix %%
%%======================================%%

%%  author		= "{Price, R. A. Jr} and {Curry, N. {III}} and McCann, K. E. and 
%%					Fielding, J. L. and {Abercrombie, E. Jr}",

@techreport{ECA_TransferSystemEurope_2013,
  title       = {STUDY ON THE TRANSFER SYSTEM IN EUROPE},
  author      = {{European Club Association (ECA)} and {PricewaterhouseCoopers (PwC)} and {LIUC Università Cattaneo (represented by Emanuele Grasso and Ernesto Paolillo)}},
  url         = {https://www.ecaeurope.com/media/2731/eca-study-on-transfer-system-in-europe.pdf},
  note        = {Acessado em abril 8, 2025},
  year        = {2013}
}

@misc{veliz_predicting_2025,
  author = {Veliz, Esau},
  title = {Here We Go! Predicting Transfer Market Valuations of Premier League Footballers},
  howpublished = {\url{https://medium.com/stanford-cs224w/here-we-go-predicting-transfer-market-valuations-of-premier-league-footballers-1774131946ff}},
  institution = {Stanford CS224W: Machine Learning with Graphs},
  month = feb,
  year = {2025},
  note = {Acessado em abril 8, 2025}
}

@techreport{fifa_global_transfer_2023,
  author = {{FIFA}},
  title = {FIFA Global Transfer Report 2023},
  type = {Report},
  institution = {FIFA},
  year = {2023},
  url = {https://digitalhub.fifa.com/m/114622e4e17cf6a8/original/FIFA-Global-Transfer-Report-2023.pdf},
  urldate = {Acessado em abril 8, 2025}
}

@article{shen_predicting_2025,
  author = {Shen, Q.},
  title = {Predicting the value of football players: machine learning techniques and sensitivity analysis based on FIFA and real-world statistical datasets},
  journal = {Applied Intelligence},
  volume = {55},
  pages = {265},
  year = {2025},
  doi = {10.1007/s10489-024-06189-0},
  url = {https://doi.org/10.1007/s10489-024-06189-0}
}

@misc{ewenme_transfers,
  author       = {{ewenme}},
  title        = {transfers: data on European football player transfers},
  howpublished = {\url{https://github.com/ewenme/transfers}},
  year         = {2025},
  note         = {Repositório sem licença explícita; acesso em 10 nov. 2023}
}


@misc{fbref,
  author       = {{Sports Reference LLC}},
  title        = {FBref.com: Football Statistics and History},
  howpublished = {\url{https://fbref.com}},
  year         = {2018},
  note         = {Acesso em 10 nov. 2023; uso automatizado proibido, extração manual permitida (cláusula 5)}
}

@article{pedregosa2011scikit,
  title={Scikit-learn: Machine learning in Python},
  author={Pedregosa, Fabian and Varoquaux, Ga{\"e}l and Gramfort, Alexandre and Michel, Vincent and Thirion, Bertrand and Grisel, Olivier and Blondel, Mathieu and Prettenhofer, Peter and Weiss, Ron and Dubourg, Vincent and others},
  journal={the Journal of machine Learning research},
  volume={12},
  pages={2825--2830},
  year={2011},
  publisher={JMLR. org}
}

@article{raschka2017python,
  title={Python machine learning: Machine learning and deep learning with python},
  author={Raschka, Sebastian and Mirjalili, Vahid},
  journal={Scikit-Learn, and TensorFlow. Second edition ed},
  volume={3},
  pages={17},
  year={2017}
}

@article{claudino2019current,
  title={Current approaches to the use of artificial intelligence for injury risk assessment and performance prediction in team sports: a systematic review},
  author={Claudino, Jo{\~a}o Gustavo and Capanema, Daniel de Oliveira and de Souza, Thiago Vieira and Serr{\~a}o, Julio Cerca and Machado Pereira, Adriano C and Nassis, George P},
  journal={Sports medicine-open},
  volume={5},
  pages={1--12},
  year={2019},
  publisher={Springer}
}

@inproceedings{Chen_2016_XST_29396722939785,
 author = {Chen, Tianqi and Guestrin, Carlos},
 title = {{XGBoost}: A Scalable Tree Boosting System},
 booktitle = {Proceedings of the 22nd ACM SIGKDD International Conference on Knowledge Discovery and Data Mining},
 series = {KDD '16},
 year = {2016},
 isbn = {978-1-4503-4232-2},
 location = {San Francisco, California, USA},
 pages = {785--794},
 numpages = {10},
 url = {http://doi.acm.org/10.1145/2939672.2939785},
 doi = {10.1145/2939672.2939785},
 acmid = {2939785},
 publisher = {ACM},
 address = {New York, NY, USA},
 keywords = {large-scale machine learning},
}

@article{bilek2019predicting,
  title={Predicting match outcome according to the quality of opponent in the English premier league using situational variables and team performance indicators},
  author={Bilek, Gunal and Ulas, Efehan},
  journal={International Journal of Performance Analysis in Sport},
  volume={19},
  number={6},
  pages={930--941},
  year={2019},
  publisher={Taylor \& Francis}
}